@article{ICO,
  author = "Jason Teutsch, Vitalik Buterin, Christopher Brown",
  title  = "Interactive coin offering",
  year   = "2017",
  DOI    = "https://people.cs.uchicago.edu/~teutsch/papers/ico.pdf"
}

%[1] Jason Teutsch, Vitalik Buterin, Christopher Brown, Interactive coin offerings, https://people.cs.uchicago.edu/~teutsch/papers/ico.pdf, December 2017.
%[2] Fabian Vogelsteller, Vitalik Buterin, ERC-20 Token Standard, https://theethereum.wiki/w/index.php/ERC20_Token_Standard, November 2015
%[3] ERC20 Token Standard, https://theethereum.wiki/w/index.php/ERC20_Token_Standard
%[4] Percy Venegas. Initial Coin Offering (ICOs) Risk, Value and Cost in Blockchain    Trustless crypto-markets. Economy Monitor. 2017
%https://www.ethereum.org/token
%https://github.com/ethereum/EIPs/blob/master/EIPS/eip-20.md
%https://www.ethereum.org
%https://github.com/ethereum/wiki/wiki/White-Paper